
 <record>
  <leader>01735nam a2200361 i 4500</leader>
  <controlfield tag="005">20210421120000.0</controlfield>
  <controlfield tag="008">210421s2021    ru ac    b    001 0сrus d</controlfield>
  <controlfield tag="001">99125394551506421</controlfield>
  <datafield tag="020" ind1=" " ind2=" ">
   <subfield code="a">9785001254249</subfield>
   <subfield code="0">(uri) http://www.isbnsearch.org/isbn/9785001254249</subfield>
  </datafield>
  <datafield tag="035" ind1=" " ind2=" ">
   <subfield code="9">(RuMoNKB)1192400</subfield>
  </datafield>
  <datafield tag="040" ind1=" " ind2=" ">
   <subfield code="a">RuMoNKB</subfield>
   <subfield code="b">eng</subfield>
   <subfield code="e">rda</subfield>
   <subfield code="c">RuMoNKB</subfield>
  </datafield>
  <datafield tag="043" ind1=" " ind2=" ">
   <subfield code="a">e-ur---</subfield>
  </datafield>
  <datafield tag="050" ind1=" " ind2="4">
   <subfield code="a">CT1217.B46</subfield>
   <subfield code="b">I88 2021</subfield>
  </datafield>
  <datafield tag="066" ind1=" " ind2=" ">
   <subfield code="c">(N</subfield>
  </datafield>
  <datafield tag="245" ind1="0" ind2="0">
   <subfield code="6">880-01</subfield>
   <subfield code="a">Istorii︠a︡ semʹi Benua v pisʹmakh :</subfield>
   <subfield code="b">pisʹma iz domashnego arkhiva F.F. Benua /</subfield>
   <subfield code="c">sostavitelʹ, predislovie, primechanie G.F. Benua.</subfield>
  </datafield>
   <datafield tag="880" ind1="0" ind2="0">
   <subfield code="6">245-01</subfield>
   <subfield code="a">История семьи Бенуа в письмах :</subfield>
   <subfield code="b">письма из домашнего архива Ф.Ф. Бенуа /</subfield>
   <subfield code="c">составитель, предисловие, примечание Г.Ф. Бенуа.</subfield>
  </datafield>
  <datafield tag="264" ind1=" " ind2="1">
   <subfield code="6">880-02</subfield>
   <subfield code="a">Sankt-Peterburg :</subfield>
   <subfield code="b">Renome, </subfield>
   <subfield code="c">2021.</subfield>
  </datafield>
  <datafield tag="880" ind1=" " ind2="1">
   <subfield code="6">264-02</subfield>
   <subfield code="a">Санкт-Петербург :</subfield>
   <subfield code="b">Реноме, </subfield>
   <subfield code="c">2021.</subfield>
  </datafield>
  <datafield tag="300" ind1=" " ind2=" ">
   <subfield code="a">151 pages :</subfield>
   <subfield code="b">illustrations, portraits ;</subfield>
   <subfield code="c">23 cm</subfield>
  </datafield>
  <datafield tag="336" ind1=" " ind2=" ">
   <subfield code="a">text</subfield>
   <subfield code="b">txt</subfield>
   <subfield code="2">rdacontent</subfield>
  </datafield>
  <datafield tag="337" ind1=" " ind2=" ">
   <subfield code="a">unmediated</subfield>
   <subfield code="b">n</subfield>
   <subfield code="2">rdamedia</subfield>
  </datafield>
  <datafield tag="338" ind1=" " ind2=" ">
   <subfield code="a">volume</subfield>
   <subfield code="b">nc</subfield>
   <subfield code="2">rdacarrier</subfield>
  </datafield>
<datafield tag="500" ind1=" " ind2=" ">
   <subfield code="6">880-03</subfield>
   <subfield code="a">&#34;Nauchno-populi︠a︡rnoe izdanie&#34;--Colophon.</subfield>
  </datafield>
  <datafield tag="880" ind1=" " ind2=" ">
   <subfield code="6">500-03</subfield>
   <subfield code="a">&#34;Научно-популярное издание&#34;--Colophon.</subfield>
  </datafield>
  <datafield tag="504" ind1=" " ind2=" ">
   <subfield code="a">Includes bibliographical references and index.</subfield>
  </datafield>
  <datafield tag="600" ind1="3" ind2="0">
   <subfield code="a">Benua family.</subfield>
  </datafield>
  <datafield tag="600" ind1="1" ind2="0">
   <subfield code="a">Benua di Stetto, Aleksandr,</subfield>
   <subfield code="d">1896-1979.</subfield>
  </datafield>
  <datafield tag="650" ind1=" " ind2="0">
   <subfield code="a">Intellectuals</subfield>
   <subfield code="z">Russia</subfield>
   <subfield code="v">Correspondence.</subfield>
  </datafield>
  <datafield tag="700" ind1="1" ind2=" ">
   <subfield code="6">880-04</subfield>
   <subfield code="a">Benua, G. F.,</subfield>
   <subfield code="e">compiler,</subfield>
   <subfield code="e">editor,</subfield>
   <subfield code="e">writer of introduction.</subfield>
  </datafield>
  <datafield tag="880" ind1="1" ind2=" ">
   <subfield code="6">700-04</subfield>
   <subfield code="a">Бенуа, Г. Ф.,</subfield>
   <subfield code="e">compiler,</subfield>
   <subfield code="e">editor,</subfield>
   <subfield code="e">writer of introduction.</subfield>
  </datafield>
  <datafield tag="910" ind1=" " ind2=" ">
   <subfield code="c">F1301mon</subfield>
  </datafield>
<datafield tag="980" ind1=" " ind2=" ">
   <subfield code="a">20210714</subfield>
   <subfield code="b">RuMoNKB</subfield>
   <subfield code="f">NPRA1441</subfield>
   <subfield code="i">32.00</subfield>
   <subfield code="j">25.60</subfield>
   <subfield code="n">11924001441</subfield>
  </datafield>
  <datafield tag="982" ind1=" " ind2=" ">
   <subfield code="b">FY22</subfield>
   <subfield code="c">rcppa</subfield>
   <subfield code="n">2022</subfield>
   <subfield code="q">32101108835859</subfield>
  </datafield>
  <datafield tag="986" ind1=" " ind2=" ">
   <subfield code="h">CT1217.B46</subfield>
   <subfield code="i">I88 2021</subfield>
  </datafield>
  <datafield tag="950" ind1=" " ind2=" ">
   <subfield code="c">2021-09-22 20:51:25 US/Eastern</subfield>
   <subfield code="b">2021-09-22 20:51:28 US/Eastern</subfield>
   <subfield code="a">false</subfield>
  </datafield>
  <datafield tag="852" ind1="0" ind2=" ">
   <subfield code="b">recap</subfield>
   <subfield code="c">pa</subfield>
   <subfield code="h">CT1217.B46</subfield>
   <subfield code="i">I88 2021</subfield>
   <subfield code="8">22901493720006421</subfield>
  </datafield>
  <datafield tag="952" ind1=" " ind2=" ">
   <subfield code="d">2021-09-23 00:51:58</subfield>
   <subfield code="8">22901493720006421</subfield>
   <subfield code="a">2021-09-23 00:51:56</subfield>
   <subfield code="b">ReCAP</subfield>
   <subfield code="c">rcppa: RECAP</subfield>
   <subfield code="e">false</subfield>
  </datafield>
<datafield tag="876" ind1=" " ind2=" ">
   <subfield code="0">22901493720006421</subfield>
   <subfield code="a">23901493700006421</subfield>
   <subfield code="j">0</subfield>
   <subfield code="x">ACQ</subfield>
   <subfield code="z">pa</subfield>
   <subfield code="d">2021-09-23 00:51:57</subfield>
   <subfield code="p">32101108835859</subfield>
   <subfield code="y">recap</subfield>
  </datafield>
 </record>